<record><leader>00000cas a22000007a 4500</leader><controlfield tag="001">13088013</controlfield><controlfield tag="008">860131d188u1947wvuwr ne      0    0eng d</controlfield><datafield ind1=" " ind2=" " tag="010"><subfield code="a">sn 86092102 </subfield></datafield><datafield ind1=" " ind2=" " tag="040"><subfield code="a">WVC</subfield><subfield code="b">eng</subfield><subfield code="c">WVC</subfield><subfield code="d">OCL</subfield><subfield code="d">OCLCQ</subfield></datafield><datafield ind1=" " ind2=" " tag="042"><subfield code="a">msc</subfield></datafield><datafield ind1="0" ind2=" " tag="130"><subfield code="a">State gazette (Point Pleasant, W. Va.)</subfield></datafield><datafield ind1="1" ind2="4" tag="245"><subfield code="a">The state gazette.</subfield></datafield><datafield ind1=" " ind2=" " tag="260"><subfield code="a">Point Pleasant, W. Va. :</subfield><subfield code="b">Livia N. Simpson</subfield></datafield><datafield ind1=" " ind2=" " tag="300"><subfield code="a">v.</subfield></datafield><datafield ind1=" " ind2=" " tag="310"><subfield code="a">Weekly</subfield></datafield><datafield ind1="1" ind2=" " tag="362"><subfield code="a">Ceased in 1947?</subfield></datafield><datafield ind1=" " ind2=" " tag="500"><subfield code="a">Merger took place after 1884.</subfield></datafield><datafield ind1=" " ind2=" " tag="500"><subfield code="a">"Republican."</subfield></datafield><datafield ind1=" " ind2=" " tag="500"><subfield code="a">Valedictory by T.L. Davies, who was resigning as editor after being elected to the W. Va. Legislature.</subfield></datafield><datafield ind1=" " ind2=" " tag="500"><subfield code="a">Editor: Lon T. Pilchard.</subfield></datafield><datafield ind1=" " ind2=" " tag="580"><subfield code="a">Formed by the merger of: Mason County gazette (non-extant), and: Mountain state (non-extant) Cf. Mason, J. Journalism in Mason County.</subfield></datafield><datafield ind1=" " ind2=" " tag="588"><subfield code="a">Description based on: Vol. 9, no. 33 (Dec. 21, 1888).</subfield></datafield><datafield ind1=" " ind2=" " tag="752"><subfield code="a">United States</subfield><subfield code="b">West Virginia</subfield><subfield code="c">Mason</subfield><subfield code="d">Point Pleasant.</subfield></datafield><datafield ind1="1" ind2="7" tag="780"><subfield code="t">Mason County gazette</subfield></datafield><datafield ind1="1" ind2="7" tag="780"><subfield code="t">Mountain state</subfield></datafield><datafield ind1="1" ind2=" " tag="029"><subfield code="a">AU@</subfield><subfield code="b">000024110001</subfield></datafield></record>